<record><leader>00000cas a2200000 a 4500</leader><controlfield tag="001">2260092</controlfield><controlfield tag="008">760620d18731889nyudn ne      0    0eng c</controlfield><datafield ind1=" " ind2=" " tag="010"><subfield code="a">sn 83045184 </subfield></datafield><datafield ind1=" " ind2=" " tag="040"><subfield code="a">PIT</subfield><subfield code="b">eng</subfield><subfield code="c">PIT</subfield><subfield code="d">MUL</subfield><subfield code="d">NPW</subfield><subfield code="d">DLC</subfield><subfield code="d">NPU</subfield><subfield code="d">NPX</subfield><subfield code="d">NPY</subfield><subfield code="d">DLC</subfield><subfield code="d">UNP</subfield><subfield code="d">PPM</subfield><subfield code="d">YOX</subfield><subfield code="d">KNP</subfield><subfield code="d">NJW</subfield><subfield code="d">DLC</subfield><subfield code="d">NPH</subfield><subfield code="d">NYG</subfield><subfield code="d">NYS</subfield><subfield code="d">MFN</subfield><subfield code="d">NYS</subfield><subfield code="d">ONP</subfield><subfield code="d">NYS</subfield><subfield code="d">KNP</subfield><subfield code="d">NYS</subfield><subfield code="d">MGN</subfield><subfield code="d">YOX</subfield><subfield code="d">MGN</subfield><subfield code="d">NVF</subfield><subfield code="d">CNK</subfield><subfield code="d">NYS</subfield><subfield code="d">NVK</subfield><subfield code="d">NYS</subfield><subfield code="d">CRL</subfield><subfield code="d">DCN</subfield><subfield code="d">CVF</subfield><subfield code="d">DLC</subfield><subfield code="d">NYS</subfield><subfield code="d">DLC</subfield><subfield code="d">JPG</subfield><subfield code="d">OCLCQ</subfield><subfield code="d">KRTAS</subfield><subfield code="d">CUI</subfield><subfield code="d">OCLCQ</subfield><subfield code="d">OCLCF</subfield><subfield code="d">OCLCO</subfield></datafield><datafield ind1="1" ind2=" " tag="029"><subfield code="a">AU@</subfield><subfield code="b">000020265310</subfield></datafield><datafield ind1=" " ind2=" " tag="042"><subfield code="a">pcc</subfield></datafield><datafield ind1=" " ind2=" " tag="043"><subfield code="a">n-us-ny</subfield></datafield><datafield ind1="0" ind2="0" tag="050"><subfield code="a">Newspaper</subfield></datafield><datafield ind1="1" ind2="4" tag="050"><subfield code="a">AP1</subfield><subfield code="b">.D35</subfield></datafield><datafield ind1="0" ind2="4" tag="082"><subfield code="a">071</subfield></datafield><datafield ind1="0" ind2=" " tag="130"><subfield code="a">Daily graphic (New York, N.Y.)</subfield></datafield><datafield ind1="1" ind2="4" tag="245"><subfield code="a">The daily graphic :</subfield><subfield code="b">an illustrated evening newspaper.</subfield></datafield><datafield ind1="1" ind2=" " tag="246"><subfield code="i">Supplement titled:</subfield><subfield code="a">Balloon graphic</subfield><subfield code="f">Aug. 9-16, 1873</subfield></datafield><datafield ind1="1" ind2=" " tag="246"><subfield code="i">Published as extra number:</subfield><subfield code="a">Christmas graphic</subfield><subfield code="f">Dec. 25, 1877</subfield></datafield><datafield ind1="1" ind2="3" tag="246"><subfield code="a">Graphic</subfield></datafield><datafield ind1=" " ind2=" " tag="260"><subfield code="a">New York [N.Y.] :</subfield><subfield code="b">Graphic Co.,</subfield><subfield code="c">1873-1889.</subfield></datafield><datafield ind1=" " ind2=" " tag="300"><subfield code="a">v. :</subfield><subfield code="b">chiefly ill. ;</subfield><subfield code="c">54 cm.</subfield></datafield><datafield ind1=" " ind2=" " tag="310"><subfield code="a">Daily (except Sunday)</subfield></datafield><datafield ind1="0" ind2=" " tag="362"><subfield code="a">Vol. 1, no. 1 (Mar. 4, 1873)-v. 50, no. 5129 (Sept. 23, 1889).</subfield></datafield><datafield ind1=" " ind2=" " tag="500"><subfield code="a">"An illustrated evening newspaper."</subfield></datafield><datafield ind1=" " ind2=" " tag="500"><subfield code="a">"Four editions daily."</subfield></datafield><datafield ind1=" " ind2=" " tag="525"><subfield code="a">Special issues accompany some numbers.</subfield></datafield><datafield ind1=" " ind2=" " tag="530"><subfield code="a">Also issued on microfilm from the N.Y. State Library, the New York Public Library, and the Library of Congress, Photoduplication Service.</subfield></datafield><datafield ind1=" " ind2=" " tag="580"><subfield code="a">Weekly eds.: Weekly graphic (New York, N.Y. : 1874), 1874, and: Weekly graphic (New York, N.Y.), 1881-1889, and: Graphic (New York, N.Y.), 1889.</subfield></datafield><datafield ind1=" " ind2="0" tag="651"><subfield code="a">New York (N.Y.)</subfield><subfield code="v">Newspapers.</subfield></datafield><datafield ind1=" " ind2="0" tag="651"><subfield code="a">New York County (N.Y.)</subfield><subfield code="v">Newspapers.</subfield></datafield><datafield ind1=" " ind2="7" tag="655"><subfield code="a">Newspapers.</subfield><subfield code="2">fast</subfield><subfield code="0">(OCoLC)fst01423814</subfield></datafield><datafield ind1=" " ind2="7" tag="651"><subfield code="a">New York (State)</subfield><subfield code="z">New York.</subfield><subfield code="2">fast</subfield><subfield code="0">(OCoLC)fst01204333</subfield></datafield><datafield ind1=" " ind2="7" tag="651"><subfield code="a">New York (State)</subfield><subfield code="z">New York County.</subfield><subfield code="2">fast</subfield><subfield code="0">(OCoLC)fst01234953</subfield></datafield><datafield ind1=" " ind2=" " tag="752"><subfield code="a">United States</subfield><subfield code="b">New York</subfield><subfield code="c">New York</subfield><subfield code="d">New York.</subfield></datafield><datafield ind1="1" ind2=" " tag="775"><subfield code="t">Weekly graphic (New York, N.Y. : 1874)</subfield><subfield code="w">(DLC)sn 90066092</subfield><subfield code="w">(OCoLC)21708707</subfield></datafield><datafield ind1="1" ind2=" " tag="775"><subfield code="t">Weekly graphic (New York, N.Y.)</subfield><subfield code="w">(DLC)sn 90066092</subfield><subfield code="w">(OCoLC)21708707</subfield></datafield><datafield ind1="1" ind2=" " tag="775"><subfield code="t">Graphic (New York, N.Y.)</subfield><subfield code="w">(DLC)sn 92057014</subfield><subfield code="w">(OCoLC)25980318</subfield></datafield><datafield ind1=" " ind2=" " tag="938"><subfield code="a">Kirtas Technologies, Inc.</subfield><subfield code="b">KRTS</subfield><subfield code="n">734186</subfield></datafield></record>